@book{antonopoulos_2017, edition={2}, title={Mastering Bitcoin: programming the open blockchain}, publisher={OReilly}, author={Antonopoulos, Andrea M.}, year={2017}} 

@misc{lightningnetwork_2019, title={lightningnetwork/lnd}, url={https://github.com/lightningnetwork/lnd}, journal={GitHub}, author={Lightningnetwork}, year={2019}, month={Jan}} 

@misc{nakamoto2012bitcoin,
	added-at = {2014-04-17T08:33:06.000+0200},
	author = {Nakamoto, Satoshi},
	biburl = {https://www.bibsonomy.org/bibtex/23db66df0fc9fa2b5033f096a901f1c36/ngnn},
	interhash = {423c2cdff70ba0cd0bca55ebb164d770},
	intrahash = {3db66df0fc9fa2b5033f096a901f1c36},
	keywords = {imported},
	timestamp = {2014-04-17T08:33:06.000+0200},
	title = {Bitcoin: A peer-to-peer electronic cash system},
	url = {http://www.bitcoin.org/bitcoin.pdf},
	year = 2009
}

 @misc{poon_dryja_2016, title={The Bitcoin Lightning Network: Scalable Off-Chain Instant Payments}, url={https://lightning.network/lightning-network-paper.pdf}, journal={Lightning network}, author={Poon, Joseph and Dryja, Thaddeus}, year={2016}, month={Jan}} 