@article{bernard_2018, title={Everything you need to know about Bitcoin, its mysterious origins, and the many alleged identities of its creator}, url={https://nordic.businessinsider.com/bitcoin-history-cryptocurrency-satoshi-nakamoto-2017-12?r=US&IR=T}, journal={Business Insider}, author={Bernard, Zoe}, year={2018}, month={Nov}}

@article{jeffries_2013, title={Four years and \$100 million later, Bitcoin’s mysterious creator remains anonymous}, url={Four years and \$100 million later, Bitcoin’s mysterious creator remains anonymous}, journal={The verge}, author={Jeffries, Adrianne}, year={2013}, month={May}} 

@book{antonopoulos_2017, edition={2}, title={Mastering Bitcoin: programming the open blockchain}, publisher={OReilly}, author={Antonopoulos, Andrea M.}, year={2017}} 

@misc{lightningnetwork_2019, title={lightningnetwork/lnd}, url={https://github.com/lightningnetwork/lnd}, journal={GitHub}, author={Lightningnetwork}, year={2019}, month={Jan}} 

@misc{ecc_def, title={SEC 1: Elliptic Curve Cryptography}, publisher={Certicom Research}, author={Certicom Research}, year={2009}, month={May}}

@misc{Secp256k1_def, title={SEC 2: Recommended Elliptic Curve Domain Parameters}, publisher={Certicom Research}, author={Certicom Research}, year={2010}, month={January}}

@misc{nakamoto_bitcoin,
	added-at = {2014-04-17T08:33:06.000+0200},
	author = {Nakamoto, Satoshi},
	biburl = {https://www.bibsonomy.org/bibtex/23db66df0fc9fa2b5033f096a901f1c36/ngnn},
	interhash = {423c2cdff70ba0cd0bca55ebb164d770},
	intrahash = {3db66df0fc9fa2b5033f096a901f1c36},
	keywords = {imported},
	timestamp = {2014-04-17T08:33:06.000+0200},
	title = {Bitcoin: A peer-to-peer electronic cash system},
	url = {http://www.bitcoin.org/bitcoin.pdf},
	year = 2009
}

@misc{poon_dryja_2016, title={The Bitcoin Lightning Network: Scalable Off-Chain Instant Payments}, url={https://lightning.network/lightning-network-paper.pdf}, journal={Lightning network}, author={Poon, Joseph and Dryja, Thaddeus}, year={2016}, month={Jan}} 

@misc{nakamoto_last_mail, 
	title={Text dump of nakamotos last mail}, 
	howpublished={\url{https://pastebin.com/syrmi3ET}},
332	journal={pastebin.com}} 

@misc{nakamoto_bloody, 
	title={A post by Satoshi on bitcointalk}, 
	howpublished={\url{https://bitcointalk.org/index.php?topic=234.msg1976#msg1976T}},
	journal={bitcointalk.org}} 


@misc{tier_nolan, 
	title={The original description of atomic swaps on bitcointalk}, 
	howpublished={\url{https://bitcointalk.org/index.php?topic=193281.msg2224949#msg2224949}},
	journal={bitcointalk.org}} 

@misc{genesis, 
	title={Genesis block}, 
	howpublished={\url{https://www.blockchain.com/sv/btc/block-height/0}},
	journal={Blockchain.com}} 


@misc{scaling, 
	title={On Scaling Decentralized Blockchains}, 
	howpublished={\url{https://www.comp.nus.edu.sg/~prateeks/papers/Bitcoin-scaling.pdf}},
	journal={comp.nus.edu.org}} 



@misc{quantabytes, title={A Survey of Bitcoin Transaction Types}, 
	howpublished={\url={https://www.quantabytes.com/articles/a-survey-of-bitcoin-transaction-types.htm}, 
	journal={QuantaBytes: A Survey of Bitcoin Transaction Types}, author={Quantabytes}}

